@online{jk-hott,
  author = {Dan Licata},
  title  = {{Just Kidding: Understanding Identity Elimination in Homotopy Type Theory}},
  year   = 2011,
  month  = Apr,
  url    = {https://homotopytypetheory.org/2011/04/10/just-kidding-understanding-identity-elimination-in-homotopy-type-theory/}
}

@online{strict-pos,
  author = {Vilhelm Sj\"oberg},
  title  = {{Why must inductive types be strictly positive?}},
  year   = 2015,
  month  = Apr,
  url    = {http://vilhelms.github.io/posts/why-must-inductive-types-be-strictly-positive/}
}

@InProceedings{rooster,
  author =	{Hugo Herbelin and Arnaud Spiwack},
  title =	{{The Rooster and the Syntactic Bracket}},
  booktitle =	{19th International Conference on Types for Proofs and Programs (TYPES 2013)},
  pages =	{169--187},
  series =	{Leibniz International Proceedings in Informatics (LIPIcs)},
  ISBN =	{978-3-939897-72-9},
  ISSN =	{1868-8969},
  year =	{2014},
  volume =	{26},
  editor =	{Ralph Matthes and Aleksy Schubert},
  publisher =	{Schloss Dagstuhl--Leibniz-Zentrum fuer Informatik},
  address =	{Dagstuhl, Germany},
  URL =		{http://drops.dagstuhl.de/opus/volltexte/2014/4631},
  URN =		{urn:nbn:de:0030-drops-46318},
  doi =		{10.4230/LIPIcs.TYPES.2013.169},
  annote =	{Keywords: Coq, Calculus of inductive constructions, Impredicativity, Strictly positive type families, Inductive type families}
}

@phdthesis{semantical-inductive,
  title  = {Semantical Investigations in Intuitionistic Set Theory and Type Theories with Inductive Families},
  author = {Barras, Bruno},
  school = {Universit\'e Paris Diderot (Paris 7)},
  year   = {2012},
  month  = Jul,
  type   = {Habilitation thesis},
  url    = {http://www.lsv.fr/~barras/habilitation/barras-habilitation.pdf}
}

@phdthesis{ext-concepts,
  title  = {Extensional concepts in intensional type theory},
  author = {Martin Hofmann},
  school = {University of Edinburgh},
  year   = {1995},
  month  = Jul,
  url    = {http://www.lfcs.inf.ed.ac.uk/reports/95/ECS-LFCS-95-327/}
}

@online{nested-pos,
  TITLE        = {Intuition behind nested positivity and counterexamples},
  AUTHOR       = {\href{https://cstheory.stackexchange.com/users/57625/ionathanch}{ionathanch}},
  HOWPUBLISHED = {Theoretical Computer Science Stack Exchange},
  URL          = {https://cstheory.stackexchange.com/q/48145}
}

@online{nlab-equality,
  author = {{nLab}},
  title  = {equality},
  url    = {http://ncatlab.org/nlab/show/equality},
  month  = jan,
  year   = 2021
}

@Book{hott-book,
  author    = {The {Univalent Foundations Program}},
  title     = {Homotopy Type Theory: Univalent Foundations of Mathematics},
  publisher = {\url{https://homotopytypetheory.org/book}},
  address   = {Institute for Advanced Study},
  year      = 2013
}

@InProceedings{inductive-families,
  author    = {Dybjer, Peter},
  title     = {Inductive families},
  doi       = {10.1007/BF01211308},
  booktitle = {{Formal Aspects of Computing}},
  volume    = 6,
  issue     = 4,
  pages     = {440â€“-465},
  year      = 1994,
  month     = Jul,
  day       = 1,
  url       = {http://www.cse.chalmers.se/~peterd/papers/Inductive_Families.ps}
}

@InProceedings{concon,
  author    = "McBride, Conor and Goguen, Healfdene and McKinna, James",
  editor    = "Filli{\^a}tre, Jean-Christophe and Paulin-Mohring, Christine and Werner, Benjamin",
  title     = "A Few Constructions on Constructors",
  booktitle = "Types for Proofs and Programs",
  year      = "2006",
  publisher = "Springer Berlin Heidelberg",
  address   = "Berlin, Heidelberg",
  pages     = "186--200",
  isbn      = "978-3-540-31429-5",
  url       = "http://www.e-pig.org/downloads/concon.pdf"
}

@phdthesis{mcbride-phd,
  title  = {{Dependently Typed Functions and their Proofs}},
  author = {Conor McBride},
  school = {University of Edinburgh},
  year   = {2000},
  month  = Jul,
  url    = {https://era.ed.ac.uk/handle/1842/374}
}

@InProceedings{frex,
  title     = {Frex: indexing modulo equations with free extensions},
  author    = {Guillaume Allais and Edwin Brady and Ohad Kammar and Jeremy Yallop},
  booktitle = {{Type-Driven Development}},
  year      = {2020},
  url       = {https://icfp20.sigplan.org/details/tyde-2020-papers/1/Frex-indexing-modulo-equations-with-free-extensions-Extended-Abstract-}
}

@online{mcbride-wtype,
  author = {Conor McBride},
  title  = {W-types: good news and bad news},
  url    = {https://mazzo.li/epilogue/index.html%3Fp=324.html},
  month  = mar,
  year   = 2010
}

@InProceedings{well-ordering,
  title     = {{Inductive Data Types:  Well-ordering Types Revisited}},
  author    = {Healfdene Goguen and Zhaohui Luo},
  booktitle = {{Logical Environments}},
  publisher = {Cambridge University Press},
  year      = {1993},
  url       = {http://www.cs.rhul.ac.uk/~zhaohui/WTYPES93.pdf}
}

@InProceedings{eta,
  author    = "Lindley, Sam",
  editor    = "Della Rocca, Simona Ronchi",
  title     = "Extensional Rewriting with Sums",
  booktitle = "Typed Lambda Calculi and Applications",
  year      = "2007",
  publisher = "Springer Berlin Heidelberg",
  address   = "Berlin, Heidelberg",
  pages     = "255--271",
  isbn      = "978-3-540-73228-0"
}
